2300 3667
366 252 764 302 anwtsnsfflnauamns
961 232 1017 301 151

497 404 555 453 fles
573 402 643 454 8⁶0.

405 550 500 615 Latin
512 550 574 607 ists
586 547 724 624 English.

157 680 271 740 Literas
283 689 415 756 expecto,
430 698 501 754 quas
513 677 662 754 scripsisti.

155 758 189 824 Is
200 762 374 829 amiensem,
389 758 439 833 qui
448 758 529 833 juvat
542 757 573 814 iu
586 757 673 814 rebus
688 753 821 813 adversis.

157 837 254 893 Tutus
265 836 316 894 ille
329 855 388 892 non
402 846 455 907 est,
470 854 556 910 quem
569 852 671 891 omnes
685 833 818 890 oderunt.

157 913 293 989 ingratus
306 925 349 980 est
363 913 460 985 homo,
473 912 523 989 qui
536 932 596 969 non
610 911 784 970 beneficium
797 908 900 969 reddit.

158 987 256 1046 Solem
270 1010 287 1048 e
300 992 409 1049 mundo
428 992 543 1062 tollunt,
557 990 607 1064 qui
629 989 785 1047 amicitiam
803 1007 819 1046 e
833 988 891 1045 vite
904 986 1016 1047 tollunt.

157 1062 321 1147 qupelus,
332 1070 383 1145 qui
395 1070 538 1127 sCaestire
548 1069 642 1126 victus
652 1078 705 1137 est,
718 1066 790 1143 fugit
805 1066 840 1123 ad
851 1066 1010 1142 AEgyptum

160 1136 242 1195 unu
251 1151 295 1198 est
308 1147 343 1211 is,
355 1148 405 1219 qui
418 1147 540 1222 patriam
553 1165 635 1203 suam
650 1145 752 1221 diligit.

160 1214 272 1271 Omnes
285 1233 388 1289 causae,
403 1244 473 1295 quas
486 1225 705 1295 commembres,
717 1222 882 1299 justissimae
896 1235 972 1279 sunt.

160 1292 285 1352 Flumen
299 1301 343 1349 est
356 1297 439 1367 Arar,
453 1302 531 1373 quod
544 1303 575 1359 in
589 1301 768 1359 Rhodinum
784 1300 886 1357 influit.

159 1370 246 1440 Urbs,
260 1388 347 1443 quam
360 1369 505 1431 Romidus
518 1379 658 1450 condidit,
672 1379 829 1436 vocabitur
843 1378 949 1435 Roma.

162 1448 226 1505 Scit
239 1448 273 1518 is,
288 1448 338 1522 qui
351 1457 394 1504 est
408 1448 438 1504 in
452 1452 587 1523 concilio,
602 1457 635 1525 Q.
651 1457 817 1513 Marcellus.

161 1526 306 1583 Consllles
325 1525 361 1583 ad
381 1544 448 1584 eum
462 1533 628 1602 exercitum,
642 1552 727 1607 quem
748 1535 778 1591 in
793 1532 901 1610 Apuli&
921 1531 1019 1602 habui¹

2 1657 3 1686 ᾖ
121 1608 272 1664 venerunt.

412 1792 542 1868 English
557 1792 619 1850 into
632 1793 734 1851 Latin.

124 1921 172 2055 Hl
194 1921 219 1978 is
244 1921 338 1996 happy
366 1920 460 1977 whom
486 1920 552 1977 God
594 1919 677 1977 Felix
697 1938 770 1991 sum,
792 1922 840 1995 qui
857 1924 939 1981 Deus
959 1926 1022 1982 dili-

173 2018 249 2056 0ves.
633 2016 671 2073 go

123 2074 553 2151 Thatburdenislightwhich
594 2041 689 2135 nevil.
706 2075 754 2147 fio,
782 2076 831 2150 qn
855 2076 929 2133 usne
952 2079 1021 2151 uro,

163 2155 189 2211 is
202 2154 265 2211 well
280 2155 378 2210 borne.
635 2172 715 2211 onus.

127 2232 232 2289 Where
242 2250 289 2289 are
299 2232 382 2288 those
391 2230 486 2288 whom
497 2249 553 2306 you
595 2231 653 2289 Ubi
673 2251 736 2289 sum
757 2232 791 2303 is,
806 2231 856 2305 qui
877 2231 962 2289 miser
983 2232 1024 2289 di·
1065 2270 1072 2290 .

2 2309 3 2320 ¹
92 2364 103 2386 ,
163 2310 218 2367 call
232 2309 404 2366 miserablel
635 2311 691 2366 col

123 2388 201 2463 Why
229 2387 309 2445 aml
337 2387 497 2462 compelled
522 2398 553 2445 to
594 2388 654 2445 Cur
669 2393 786 2445 sentitus
800 2404 884 2462 cogo,
900 2386 949 2460 qui
965 2387 1025 2443 luu-

163 2483 285 2523 censure
301 2466 350 2523 the
370 2476 478 2536 senate,
493 2466 553 2522 that
633 2466 671 2521 do
689 2484 811 2540 semper,
825 2464 1024 2539 reprehendet

162 2544 265 2680 {dhtave
277 2543 380 2618 always
391 2544 554 2603 commend·

124 2700 211 2834 Hills
227 2699 313 2834 brlssve
333 2698 398 2756 who
411 2716 553 2774 conquers
594 2699 691 2757 Fortis
705 2718 778 2769 sum,
795 2698 844 2772 qui
858 2698 902 2756 sui
916 2699 1010 2758 vinco.

184 2796 255 2835 tmse
278 2822 285 2834 .

9 2860 21 2881 ⁰
124 2856 191 2913 The
201 2855 274 2911 hour
287 2854 383 2911 which
392 2854 443 2910 has
453 2854 555 2929 passed
596 2854 688 2923 Hora,
714 2853 764 2927 qui
789 2866 937 2929 praetereo,
965 2875 1023 2914 non

163 2944 271 2991 cannot
283 2943 391 2990 return.
634 2932 721 2989 redeo
734 2950 859 3006 possum.

2 3010 3 3016 '
123 3011 207 3069 Iam
223 3010 380 3081 Miltiades,
397 3010 466 3066 who
486 3029 554 3067 con·
595 3009 660 3087 Ego
693 3029 756 3067 sum
789 3008 947 3085 Miltiades,
975 3010 1024 3086 qui

163 3088 272 3165 quered
284 3089 337 3147 the
346 3088 480 3147 Persians
633 3088 727 3145 Persae
741 3088 835 3146 vinco.
