2300 3667
163 226 222 286 166
478 246 546 293 rnre
567 248 605 287 or
625 248 746 289 sonum.

179 418 228 479 27.
247 418 351 495 Ioseph
365 420 460 477 orders
475 421 520 478 his
536 422 600 555 Cup
614 431 647 557 try
656 424 687 480 hc
699 423 806 500 placed
816 424 847 481 in
860 424 1044 501 Benjumr‘n's

593 520 626 557 ac
647 544 654 558 .

200 612 345 689 Joscphus
365 615 424 671 loct
446 614 534 672 sacie‘
549 635 696 692 regressus
715 618 860 674 continuit
873 636 914 689 se,
929 629 958 675 et
975 618 1064 695 jussit

162 691 266 778 upphni
278 692 367 749 cibos.
405 692 484 749 Tum
496 692 641 749 distribuit
652 713 748 751 escam
759 695 917 768 unicuique
929 696 1062 753 fratrum⁸

160 786 296 856 suorum3
324 770 375 826 sed
401 788 467 844 pars
488 770 650 846 Benjamim
670 781 731 828 erat
752 772 842 829 multo
862 774 952 848 major
973 772 1062 848 quim

159 856 330 905 ceterorum.

198 922 320 980 Peracto
335 925 478 994 convivio,
492 924 508 981 J
512 925 638 999 osephus
652 925 700 981 dat
714 925 863 1001 negotium
883 926 1063 1001 dispensatri-

70 1026 73 1030 ·
158 998 184 1055 ri
199 1011 230 1056 ut
246 1019 347 1058 saccos
367 1004 468 1059 chrum
490 1002 605 1077 impleat
627 1002 778 1073 frumento,
800 1003 953 1077 pecuniam
974 1005 1060 1061 simul

158 1079 288 1151 rephnat
303 1090 332 1135 et
346 1079 461 1153 insuper
482 1080 621 1154 scyphum
641 1099 726 1137 suum
747 1092 913 1157 argenteum
927 1081 957 1137 in
972 1100 1061 1139 sacco

158 1152 321 1230 Benjamini
335 1156 494 1214 recondat.t

197 1231 251 1290 Ille
265 1234 334 1291 fecit
347 1234 499 1310 diligenter
513 1233 590 1308 quod
601 1233 698 1309 jussus
712 1235 814 1293 sudarat

235 1412 241 1421 '
303 1408 352 1464 28.
378 1407 483 1483 Ioseph
496 1406 577 1464 sends
592 1408 622 1463 in
635 1407 764 1465 Pursuc't
776 1408 815 1485 of
828 1410 908 1468 them.

196 1538 313 1595 Fratres
326 1538 447 1613 Jossphi
466 1556 530 1595 sese
551 1538 581 1595 in
596 1538 670 1595 vium
691 1538 840 1611 dederant,
855 1540 979 1597 necdum
992 1558 1061 1616 pro-

157 1615 205 1672 cul
221 1617 256 1672 ab
270 1616 341 1674 urbe
356 1616 483 1673 abirent

196 1690 284 1748 Tunc
305 1692 451 1767 Josephus
474 1692 588 1749 vocivit
611 1692 835 1767 dispensathrem
859 1693 962 1751 domhs
985 1712 1057 1767 suae,

156 1771 242 1841 eique
256 1769 345 1825 dixit:
367 1776 385 1802 “
398 1770 575 1844 Persequhre
597 1768 682 1841 viros,
698 1780 726 1827 et
740 1789 827 1844 quum
842 1788 891 1827 eos
907 1777 1058 1829 assecutus

156 1845 271 1917 fueris‚‘
287 1846 342 1902 illis
356 1847 464 1904 dicito:
490 1848 609 1909 ‘Quare
623 1847 757 1923 injuriam
776 1866 829 1923 pro
849 1848 991 1907 beneficio
1012 1868 1058 1906 re

155 1924 317 1999 pendistisi

196 2000 436 2076 “‘Subripuistis
465 2003 606 2077 scyphum
636 2012 802 2077 argenteum
826 1999 894 2077 quo‘
919 2001 1057 2060 domtnus

155 2098 237 2137 meus
250 2083 358 2135 utitur:
380 2079 509 2153 imprhbh
525 2080 650 2137 fecistis!
663 2081 679 2107 '’

195 2157 384 2232 Dispensr'ctor
404 2156 540 2214 mandrita
559 2156 680 2233 Joscphi
694 2157 836 2232 perfficit3
858 2155 893 2212 ad
916 2174 966 2212 eos
985 2174 1055 2213 con-

156 2233 249 2291 festim
265 2234 424 2304 adnularim
447 2234 554 2291 surtum
574 2235 773 2317 exprobravity
795 2234 837 2291 rei
851 2232 1054 2309 indignititem

155 2312 297 2387 exposuit.

252 2468 300 2524 29.
335 2468 394 2523 The
410 2466 473 2542 Oup
487 2468 512 2523 is
524 2465 626 2541 found
637 2467 668 2523 in
681 2466 859 2542 Benjamin’s
873 2462 959 2523 Sacc.

193 2593 311 2650 Fratres
334 2592 455 2667 Josr'sphi
478 2592 690 2667 responderunt
712 2591 920 2666 dispensuthri:
942 2590 1053 2649 “Istud

154 2670 274 2727 sceleris
293 2669 379 2745 longe
402 2688 418 2725 a
438 2670 520 2725 nobis
542 2670 669 2726 alienum
690 2679 751 2725 est:
774 2686 835 2739 nos,
852 2678 883 2725 ut
902 2678 963 2725 tute
983 2668 1052 2739 scis,

155 2746 303 2803 retuhmus
335 2746 410 2805 hond
437 2746 507 2803 fide!
531 2747 685 2821 pecuniam
714 2755 854 2819 repertam
883 2745 912 2801 in
940 2746 1052 2815 saccis3

154 2833 265 2879 tantum
278 2825 357 2882 abest
372 2836 402 2879 ut
417 2824 501 2881 sumti
513 2824 603 2881 simus
617 2824 755 2897 scyphum
770 2822 879 2881 domini
893 2822 954 2881 tui:
976 2823 1053 2897 apud

155 2919 239 2975 quern
255 2898 360 2957 furtum
375 2902 582 2976 deprehensum
598 2900 695 2970 fuerit,
711 2900 734 2955 is
749 2910 839 2956 morte
853 2898 1038 2957 mulctetur.”

194 2976 341 3035 Continuh
370 2998 471 3035 saccos
498 2979 646 3052 dephnunt
673 2989 702 3034 et
729 2977 868 3051 aperiunt,
902 2993 974 3048 quos
1003 2976 1054 3034 ille

153 3062 307 3127 somnitus,
322 3055 432 3113 invenit
445 3057 584 3131 scyphum
599 3054 629 3111 in
643 3073 730 3111 sacco
745 3052 914 3129 Benjamini.

201 3206 271 3245 1⁴⁴⁷.
346 3204 414 3243 5³⁷7.
489 3205 556 3243 0494.
632 3204 702 3243 ³242.
777 3202 843 3243 arun.
912 3199 987 3248 1483.
