2300 3667
139 236 197 296 162
365 258 815 300 exercista—anamma&

474 406 530 453 See
544 408 703 455 «atzam

428 552 522 609 Latin
535 552 597 610 into
610 552 748 629 English
805 569 807 573 ’

175 678 245 737 Non
259 699 322 737 sum
337 681 378 738 ita
390 680 478 738 hebes
491 690 523 737 ut
537 680 612 739 istuc
626 681 730 739 dicam.

175 758 391 833 Epaminondas
411 759 592 833 eloquentia·
606 760 740 835 perfecit,
754 769 787 817 ut
802 758 922 818 auxilio⁵
944 759 1039 819 sooih·
1144 788 1146 793 ·

135 853 199 892 rum
214 836 427 894 Lacedaemonii
441 838 628 912 privarentur.

174 914 266 971 Pavor
281 927 351 986 erat,
366 934 403 973 ne
417 924 511 972 eastra
524 915 615 972 hostis
630 916 843 992 aggrederetur.

175 993 284 1069 Adjnta
297 1012 353 1065 me,
369 990 426 1068 quh
440 993 469 1049 id
480 992 530 1049 fiat
544 993 666 1050 facilius.

173 1070 256 1129 Nihil
271 1082 326 1143 est,
341 1072 410 1146 quin
425 1069 499 1127 malti
513 1071 657 1127 narrando
667 1070 757 1146 possit
771 1064 926 1146 depravari.
963 1136 969 1150 ι

174 1148 287 1207 Avertit
301 1169 400 1224 equos,
413 1149 580 1225 priusquam
593 1149 699 1223 pabula
713 1142 884 1225 gustassent
898 1138 1005 1213 Troyoe.

173 1226 271 1304 Negat
284 1247 315 1285 se
326 1228 411 1299 scire,
425 1226 494 1284 oiim
506 1237 603 1283 tamen
618 1227 694 1283 haud
709 1224 827 1299 ignoret

174 1304 337 1377 Zenonem,
347 1325 435 1380 quum
445 1303 570 1362 Athenis
581 1322 683 1370 essem,
694 1291 845 1383 audiebant
860 1291 1031 1367 frequenter.

173 1383 271 1441 Caesar
285 1385 446 1458 equitatum
460 1400 575 1438 omnem
585 1376 741 1455 praemittit,
756 1389 805 1445 qur
820 1370 945 1443 videant,
961 1390 1033 1445 quas

135 1460 165 1517 in
178 1472 272 1534 partes
283 1462 337 1519 iter
352 1462 466 1517 saciant.
529 1506 533 1513 .

173 1538 274 1610 Erant,
288 1540 392 1613 quibus
406 1534 582 1611 appetentior
596 1527 691 1583 famae‘
706 1526 860 1614 videretur.

173 1616 314 1673 Caninius
326 1617 378 1673 fuit
396 1614 477 1671 miris
479 1611 526 1667 ioh
540 1601 710 1681 vigilantii:
723 1622 772 1678 qur
787 1621 839 1661 suo
853 1613 915 1661 toto
928 1622 1033 1661 oonsu-

133 1691 209 1749 litus
222 1713 354 1750 somnum
367 1711 425 1749 nou
439 1684 550 1745 viderit.

172 1770 269 1846 Negat
277 1770 339 1844 jus‘
348 1787 421 1836 esso,
430 1763 479 1838 qui
490 1760 572 1819 milas
580 1778 639 1817 non
650 1759 696 1831 sit,
707 1767 851 1837 pugnaret
860 1778 928 1818 aum
938 1760 1030 1818 hoste.

420 1950 549 2026 English
562 1950 623 2007 into
637 1949 740 2008 Latin.

131 2084 207 2141 How
229 2080 299 2137 does
323 2080 346 2135 it
365 2079 477 2155 happen
498 2079 560 2136 that
598 2078 663 2140 Qut
674 2078 723 2151 fio,
736 2088 864 2136 utnemo
877 2088 1032 2137 contentus

169 2177 208 2215 no
221 2177 276 2215 one
297 2158 367 2214 lives
381 2156 558 2214 contentedt
639 2158 726 2214 vivo?

131 2236 178 2294 He
206 2235 375 2293 commands
394 2235 560 2292 Volusenus
600 2235 778 2293 Volusenus¹
805 2234 911 2291 mando
934 2244 967 2291 ut
995 2235 1030 2293 ad

169 2325 198 2370 t0
213 2326 310 2372 return
324 2325 354 2370 to
368 2313 436 2370 him.
639 2313 683 2369 sui
704 2325 839 2371 revertor.

128 2392 215 2449 Talre
229 2412 296 2450 aare
309 2393 371 2449 that
386 2391 509 2468 nothing
523 2391 559 2448 he
600 2389 680 2447 Curo
695 2409 733 2447 ne
743 2392 807 2466 quis
821 2391 846 2447 is
860 2389 970 2448 desum.

168 2472 295 2548 wanting
307 2482 338 2527 to
352 2469 420 2527 him.

130 2548 219 2605 What
238 2550 276 2605 do
296 2567 352 2624 you
372 2546 444 2604 wish
461 2547 524 2604 that
542 2546 557 2603 Ι
598 2545 753 2607 Quistolo
768 2546 865 2605 saciat

169 2626 271 2687 should
285 2627 343 2683 aot

130 2701 219 2778 Many
233 2705 330 2781 things
345 2723 392 2761 are
406 2702 441 2760 of
455 2702 559 2759 sucha
599 2700 710 2759 Multus
729 2722 774 2759 res
794 2722 857 2761 sum
878 2702 1030 2779 ejusmhdi,

169 2780 240 2836 kind
264 2782 326 2839 that
351 2800 391 2839 no
422 2799 479 2839 one
502 2799 558 2837 oan
638 2780 686 2855 qui
711 2784 804 2838 exitus
828 2799 914 2840 nemo
937 2781 1032 2855 provi·

168 2858 278 2915 soresee
292 2859 365 2917 their
377 2860 461 2918 issue.
640 2859 695 2915 deo
708 2878 834 2934 possum.

128 2935 159 2994 Is
185 2936 266 2993 there
290 2955 344 3011 any
362 2954 418 2994 one
444 2938 510 2995 who
533 2936 558 2993 is
599 2936 648 2994 An
689 2956 752 2994 sum
784 2938 944 3011 quisquam,
980 2954 1029 3011 qui

169 3014 302 3091 ignorant
316 3015 351 3071 of
359 3015 436 3072 thist
638 3013 696 3071 hio¹
713 3014 839 3091 ignoro?

170 3183 241 3224 cm
315 3181 411 3221 em.
486 3183 553 3221 0³75.
656 3183 700 3223 ³71.
912 3182 978 3224 5³91.

171 3231 240 3273 hffl.
314 3229 384 3271 rm.
479 3232 554 3279 stro.
626 3196 858 3282 itttflupptm.
908 3230 972 3284 58⁹0
