2300 3667
423 259 493 301 um
513 258 551 297 or
570 260 692 301 ananau.
948 242 1008 307 169

104 395 248 453 exoititua
273 396 430 473 obstupuit,
457 414 513 454 neo
536 397 630 473 primo
651 396 717 454 filiis
735 413 798 453 rem
824 395 1006 453 narrantibus

105 472 191 530 iidem
211 474 385 544 adhibebat3
403 476 457 532 aed
475 488 626 550 postquam
645 474 716 531 vidit
735 473 862 549 plaustra
881 482 910 529 et
929 472 1007 529 dona

105 550 161 607 sibi
181 570 200 607 a
212 551 342 627 Jooepho
362 553 459 623 missa,
472 553 585 628 recepit
605 557 742 622 animum,
757 560 795 621 et,
810 549 916 606 “Mihi
937 550 1006 607 satia

105 630 177 698 eat,¹¹
194 628 295 703 inquit,
310 636 329 662 “
339 629 364 685 oi
382 630 451 686 vivit
465 632 559 687 adhue
580 630 726 705 Josephus
742 646 840 686 meus:
862 627 911 685 ibo
923 636 953 684 et
966 626 1006 683 vi·

104 704 184 762 debu
197 724 272 779 eum,
287 710 441 782 autequam
455 706 605 766 moriar.’'‘

176 871 223 929 36.
243 871 333 929 Jacob
344 892 412 947 goes
426 873 486 930 into
498 873 606 949 Egypt
618 872 687 928 witi
700 872 744 928 ull
754 871 798 928 liis
812 870 938 946 Family.

145 986 165 1043 J
167 988 275 1045 aoobus
288 988 433 1063 proiectus
448 1008 514 1045 oum
528 988 595 1045 filiis
611 998 639 1045 et
659 989 810 1063 nepotibus
829 988 961 1062 pervenit
974 986 1004 1044 in

6 1063 7 1074 ¹
106 1064 275 1141 AEgyptum,
296 1076 325 1121 et
350 1067 488 1140 praemIsit
507 1066 614 1123 Judam
636 1066 671 1122 ad
691 1065 861 1141 Josephum,
886 1075 918 1121 ut
938 1083 1005 1123 eum

107 1141 216 1198 metiret
229 1143 380 1199 certiorem
392 1144 431 1200 de
445 1144 566 1200 adventu
582 1162 643 1201 suo.

147 1218 307 1275 Confestim
322 1220 467 1295 Josephua
480 1220 620 1294 prooessit
634 1219 746 1277 obviim
760 1219 857 1294 patri,b
874 1236 959 1292 quein
973 1226 1006 1275 ut

109 1296 188 1365 vidit,
203 1296 232 1351 in
248 1297 353 1353 oollum
374 1297 436 1373 ejus
449 1316 481 1354 ae
500 1298 638 1372 oonjeoit,
653 1308 682 1356 et
700 1298 772 1355 flens
792 1296 909 1353 flentem
928 1313 1006 1351 oom-

7 1428 12 1441 ,
106 1374 208 1447 plexus
222 1382 273 1430 eat.

145 1449 226 1505 Tum
258 1451 405 1507 Jaoobus:
428 1456 447 1484 ‘⁴
457 1450 534 1508 Satis
566 1452 617 1508 diu
650 1452 736 1521 vixi‚''
766 1450 867 1525 inquit,
899 1456 1005 1506 “nuno

106 1545 190 1599 aequo
211 1530 306 1584 animo
326 1528 441 1599 moriar,
456 1529 590 1602 quoniam
604 1536 774 1604 oonspeotu‘
788 1538 839 1584 tuo
859 1527 916 1584 frui
934 1526 1005 1583 mihi

107 1602 199 1675 licuit,
214 1614 243 1661 et
256 1616 284 1661 te
297 1605 368 1661 mihi
381 1612 562 1680 superstitem
573 1607 731 1681 relinquo.''

130 1770 178 1827 37.
204 1770 307 1847 Ioseph
322 1790 477 1830 announces
492 1774 579 1906 tp'tgt'p
593 1773 680 1849 King
693 1773 739 1829 the
752 1770 878 1829 Arrival
889 1770 926 1847 ⁰s
941 1771 985 1828 his

526 1870 544 1906 a
576 1870 614 1909 er.

147 1944 293 2019 Josephus
314 1946 384 2003 adiit
401 1946 591 2017 Pharaonem,
606 1951 691 2020 eique
711 1947 860 2004 nunciavit
880 1950 1004 2021 patrem⁶

107 2040 191 2078 suum
218 2022 364 2080 advenisse
376 2022 395 2080 ι’
418 2025 567 2081 constituit
587 2025 674 2082 etiam
694 2025 851 2099 quinquae
871 2024 1005 2080 fratribus

107 2099 168 2155 suis
182 2118 278 2154 eoram
293 2099 385 2176 rege!

7 2229 8 2236 ,
146 2175 210 2235 Qui
225 2194 274 2231 eos
295 2177 481 2253 interrogivit
499 2178 637 2251 quidnam
655 2178 767 2253 opiris‘
782 2168 940 2235 haberent:
962 2177 1004 2234 illi

6 2273 9 2284 ·
108 2253 319 2325 responderunt
332 2272 363 2310 se
377 2272 439 2311 esse
452 2258 588 2328 pastores.

147 2328 226 2385 Tum
247 2348 297 2387 rex
310 2330 381 2387 dixit
394 2330 543 2405 Josepho:
564 2339 583 2365 ‘⁴
595 2330 736 2407 AEgyptus
750 2332 780 2387 in
793 2336 934 2405 potestate
954 2332 1005 2387 tuti

109 2415 171 2463 eat:
193 2425 262 2464 cura
272 2418 303 2464 ut
316 2418 435 2483 pateret
447 2408 547 2465 fratres
560 2410 603 2466 tui
618 2409 646 2464 in
657 2412 766 2483 optimo
781 2409 845 2463 loco
857 2408 1003 2477 habitent3

109 2494 138 2539 et
149 2483 171 2540 si
187 2485 235 2557 qui
250 2484 306 2540 sint
320 2486 394 2541 inter
408 2503 458 2541 eos
468 2482 552 2561 gnavi
563 2496 593 2543 et
606 2486 749 2557 industrii,
762 2485 841 2541 trade
853 2484 894 2541 eis
906 2503 1004 2541 curam

8 2621 9 2624 ,
111 2563 246 2634 pecorum
260 2562 416 2619 meorum.”

207 2714 255 2771 38.
275 2715 380 2791 Joseph
388 2723 517 2789 prusenus
530 2715 574 2773 Itis
589 2714 700 2773 Patiar
713 2724 742 2773 to
755 2715 904 2774 Pheraei.
962 2792 968 2805 ι

147 2829 294 2903 iosephus
314 2830 431 2887 adduxit
451 2848 565 2903 quoque
584 2841 694 2905 patrem
714 2849 798 2887 suurn
823 2832 858 2887 ad
881 2831 1006 2889 Pharao·

108 2924 187 3039 ἓὲιὲιῐ,
199 2906 412 3040 gpgtpaplptitua
424 2927 442 2964 a
454 2908 567 2965 Jaoobo
583 2913 768 2981 percontitus
782 2918 825 2964 est
839 2909 874 2965 ab
888 2928 933 2981 eo,
947 2910 1005 2984 qui

221 3141 236 3167 ι

222 3177 291 3216 »aa
