2300 3667
329 248 550 287 wurmmo'rou
570 248 634 288 aun
655 248 705 287 rus
726 248 793 287 oar.
954 234 1010 291 179

112 383 323 459 praeripii'ebant.
365 384 469 457 Neque
483 384 622 440 rationem
644 384 794 477 quisquam
815 384 942 442 invenire
960 403 1011 460 po·

111 462 166 518 tuit
199 461 394 549 opprimendi*
429 462 491 516 brec
526 460 669 547 animalia,
703 460 833 534 quemvis
863 462 979 537 ingent
980 480 1009 524 :n

110 540 242 613 pecuniae
253 538 309 594 vim
320 537 449 647 ριιιιιιιίοὸ
461 556 510 594 rex
521 538 737 611 proposuisset.
777 538 812 593 Id
822 539 872 594 ubi
860 538 1009 636 hospites

111 612 396 684 animadverterent*
411 614 473 689 rugi
493 614 628 671 dixerunt
649 615 776 673 attulisse
796 613 870 672 sese‘
893 616 1008 689 animal,

110 692 189 765 quod
203 711 298 769 mures
312 694 364 748 hos
379 693 413 748 ad
428 710 517 748 unum
532 710 632 747 omnes
646 691 731 748 facile
745 692 856 767 possets
869 693 975 751 delere.

149 846 177 902 4.
206 846 366 920 Apportata
391 845 458 901 dein
480 845 545 901 selis
570 846 653 901 hem!
676 864 760 918 quam
785 856 908 921 stragem
929 847 1009 906 dedit

110 922 253 979 murium!
275 932 338 997 post
351 923 523 979 semihoram
537 922 634 978 nullus
654 922 758 978 eratin
779 932 839 979 toto
860 924 1006 995 cubiculo,

110 1017 195 1075 quem
217 999 343 1057 videres‘
359 1000 514 1056 audiresve.
555 999 627 1059 Qus
648 1000 692 1055 re'*
709 1018 758 1055 rex
776 1000 895 1073 perinde
916 1020 950 1057 ac
970 1002 1007 1058 de

109 1096 140 1133 re
162 1096 200 1133 no
215 1077 308 1150 aliquo
323 1077 430 1131 donato
441 1077 556 1151 gaudet,
569 1088 653 1149 atque
669 1077 752 1133 felem
764 1077 914 1133 ducenties
926 1078 1007 1135 mille

111 1098 313 1228 ὶιιιξιιιιίιῐῖιιιιεί
328 1153 407 1222 emit,
422 1154 515 1227 utqui
536 1163 620 1209 essett
636 1172 721 1227 supra
740 1153 824 1209 fidem
846 1152 1005 1225 opulentus.

109 1232 194 1291 Quo*
224 1231 299 1287 facto
326 1231 452 1286 domum²
475 1241 569 1286 nautae
590 1234 823 1305 properaverunt.
864 1230 955 1291 Quod
981 1230 1006 1287 si

110 1315 251 1365 mercator
280 1308 327 1364 ille
355 1308 567 1376 Londiniensis,
596 1306 786 1377 navarchus,”'
809 1306 1007 1364 fraudulentus

110 1386 218 1442 fuisset·
229 1396 257 1442 et
272 1386 356 1441 fallax
376 1385 472 1454 home,
488 1400 546 1439 rem
561 1382 702 1453 omnem‚”
719 1394 748 1439 ut
769 1382 850 1459 gesta
869 1394 938 1454 erat,
954 1384 1007 1441 Ri·
1062 1432 1065 1437 .

109 1463 263 1517 chardum”
272 1460 416 1529 celasset,⁰
429 1478 584 1533 aurumque
595 1461 629 1515 ad
638 1479 705 1515 suos
717 1480 784 1516 usus
795 1460 1003 1533 convertisset!

109 1540 168 1595 Sed
194 1540 358 1612 probiorem
385 1547 434 1594 eot'
465 1538 609 1593 bominem
638 1538 683 1592 vix
707 1537 886 1593 invenisses‚⁰
928 1537 1006 1593 Nam

108 1616 191 1671 simul
214 1626 298 1689 atque
321 1616 460 1684 audierat,
474 1626 608 1687 quantam
628 1614 780 1687 pecuniam
802 1624 895 1670 nautae
916 1632 932 1671 e
950 1614 1006 1671 fele

109 1692 269 1762 fecissent?
283 1692 388 1767 puero*
402 1696 538 1747 arcessito
552 1710 611 1747 rem
627 1709 740 1747 omnem
758 1691 858 1765 aperit,
873 1692 1006 1789 spondet-

108 1789 164 1843 que
178 1773 252 1826 sese‘
270 1788 368 1825 aurum
385 1768 438 1842 ipsi
449 1769 527 1843 justo
541 1766 682 1841 tempor&
698 1767 899 1824 redditiirum!

145 1926 174 1980 5.
203 1924 289 1980 Jubet
304 1920 381 1979 eum‘
397 1920 599 1978 mercaturam'
615 1921 726 1991 doceri,
748 1932 776 1977 et
790 1920 857 1978 cum
871 1926 1006 1999 pergeret

106 2020 178 2074 puer
200 2002 229 2057 in
250 2001 315 2069 tide,
331 1999 506 2068 assiduitate,
521 2009 549 2055 et
563 1998 747 2086 parsimonia,
761 1999 840 2055 dedit
861 2000 958 2056 adulto
978 2001 1006 2056 ei
1035 2050 1037 2060 .

107 2078 206 2147 filiam,
221 2096 306 2151 quam
327 2077 451 2133 habebat
471 2094 567 2145 unam,
589 2075 619 2131 in
639 2074 861 2147 matrimonium,
883 2094 1006 2149 eumque

107 2156 254 2211 decedens
278 2154 423 2211 heredem‘
445 2171 490 2210 ex
505 2170 567 2208 asse
588 2151 719 2209 instituit.
768 2153 865 2241 Atque
893 2152 933 2209 ita
952 2152 1006 2208 Ri-

108 2232 234 2287 chardus
247 2231 412 2305 Vittington
427 2229 578 2286 facultates
593 2228 648 2285 sibi
663 2230 838 2305 compererit
849 2228 932 2303 qudm
949 2247 1007 2285 ern·

106 2308 291 2383 piissimas
260 2326 306 2378 ea,
321 2326 407 2381 quam
422 2327 438 2362 a
448 2306 572 2381 pueritia
593 2306 660 2363 inde
681 2308 851 2377 adamaret,“
868 2305 1005 2381 parsimo-

107 2386 165 2443 nia
206 2385 280 2443 Fors
293 2385 408 2459 quidem
429 2384 511 2440 hac
504 2402 534 2439 m
555 2401 587 2439 re
606 2394 715 2458 partein
736 2383 811 2439 haud
828 2352 1005 2440 ’levissimam

107 2462 163 2519 sibi
184 2462 323 2537 deposcit,
345 2479 438 2534 neque
457 2471 553 2517 tamen
573 2479 634 2517 ιιοιι
643 2459 827 2548 parsimonia
846 2459 930 2533 pueri
952 2459 1006 2515 suit

108 2558 219 2627 eorum,
243 2559 306 2613 quae
327 2543 495 2607 evenerunt,
517 2555 605 2594 causa
625 2538 725 2611 prima.
766 2535 900 2609 Namque
919 2552 1006 2591 nemo

108 2616 165 2672 nisi
174 2634 281 2717 parcus
295 2615 389 2685 felem,
403 2613 460 2688 qub
479 2616 589 2687 posset’
605 2613 673 2669 olim
695 2613 819 2671 vendere
834 2631 907 2682 eam,
923 2612 1007 2669 aluis·

109 2694 185 2762 set3⁰
206 2711 301 2766 neque
322 2692 500 2766 impetrasset
521 2689 593 2746 forte
623 2691 658 2745 ab
684 2686 807 2759 hero,
779 2689 834 2746 nisi
856 2688 922 2745 ante
944 2689 1006 2763 ejus

110 2770 236 2827 favorem
255 2768 430 2844 parsimonia
457 2768 510 2823 sud
537 2767 592 2823 sibi
613 2766 806 2835 concilidsset‚
833 2772 1005 2861 potestatem

110 2845 273 2904 feliculam*
288 2846 364 2901 hanc
376 2862 429 2919 pro
450 2846 503 2901 sua
523 2841 672 2899 habendi.⁸
713 2843 810 2917 Atque
831 2840 902 2901 aded
918 2860 1004 2901 casus

109 2922 157 2979 ilie
170 2926 377 2998 prosperrimus
390 2939 449 2977 non
463 2920 633 2977 evenisset·

868 3077 974 3127 ⁸2⁵³,ss

705 3129 827 3177 uy.1use
869 3104 944 3167 045οἶ

705 3136 811 3217 Mutus
869 3173 937 3214 1401

304 3085 336 3123 1.

666 3080 734 3167 qam.

593 3203 600 3217 ⁶
664 3189 733 3265 itta

395 3085 406 3122 i

392 3131 466 3267 i

185 3133 339 3268 11}
