2300 3667
131 234 187 294 rat
383 252 772 296 exonerarem-eamme.

348 402 402 450 See
423 404 494 463 876,
512 405 583 463 876,
600 401 718 490 370,οά
735 407 807 454 8⁸0.

419 553 513 612 Latin
525 554 587 612 into
600 553 739 630 English.

166 682 242 742 Puer
257 681 377 760 ingenui
389 682 509 759 pudoris
524 685 672 742 amabitur.

166 762 369 834 Archimedes,
384 763 426 819 vir
440 763 538 840 magni
553 762 672 840 ingenii,
686 781 779 822 cesus
791 772 843 822 eat.

166 840 315 899 Miltiades
328 842 415 919 regiae
430 842 610 900 auctorititis
622 852 692 900 erat

166 920 276 979 Consul
291 921 352 997 ipse
366 939 452 996 parvo
467 924 564 980 animo
575 932 604 978 et
618 940 706 997 pravo
720 921 784 978 fuit.

166 998 309 1057 HomInes
324 999 429 1058 insunt
443 999 557 1058 fortuni
573 1001 752 1058 delectantur
766 999 895 1059 historia.
897 1002 911 1025 ⁰

166 1078 258 1136 Erat'
251 1097 312 1154 ipse
326 1079 444 1137 immani
461 1079 622 1154 acerbaque
635 1080 739 1139 natura
753 1077 941 1156 Oppianicus.

166 1157 329 1216 Turranius
344 1159 398 1216 fuit
411 1158 497 1214 homo
511 1158 645 1216 summa
638 1159 810 1255 integritate.

102 1287 107 1299 .
150 1236 241 1374 {tito
255 1247 299 1294 est
309 1236 473 1295 incredibssi
487 1237 590 1294 robore
606 1237 702 1295 animi.

194 1327 221 1374 st
234 1316 314 1373 fortis
328 1316 456 1373 homiuis
471 1334 529 1373 non
543 1316 726 1392 perturbari'
720 1335 750 1373 m
763 1317 850 1374 rebus
864 1316 984 1392 asperia.

167 1394 313 1453 Statuere⁶
328 1395 377 1470 qui
392 1394 440 1452 sit⁶
455 1395 579 1470 sapiens,
593 1404 637 1452 est
650 1395 811 1470 sapientis.d

167 1463 339 1532 Arbitror
314 1493 361 1532 vix
375 1473 437 1550 ejus
451 1474 539 1531 fuisse
555 1484 663 1530 tantam
678 1492 738 1531 rem
751 1475 908 1551 suscipere.

166 1551 293 1610 Domum
307 1553 397 1628 pluris
411 1551 497 1627 quarn
514 1553 657 1611 sortiruam
670 1563 750 1610 tuam
763 1554 932 1612 aestimriati·

166 1630 321 1689 Postumus
335 1643 416 1688 suam
432 1633 634 1690 auctoritatem
646 1632 745 1710 magni
759 1636 888 1690 estimat.

166 1707 309 1770 Miserare
324 1711 426 1768 domus
439 1711 570 1768 labentis

421 1899 549 1975 English
562 1901 623 1958 into
635 1900 738 1958 Latin.

85 2081 89 2090 .
127 2031 212 2108 They
227 2050 275 2090 are
289 2049 356 2089 men
377 2032 412 2090 os
426 2033 475 2091 the
494 2034 557 2091 best
596 2030 651 2089 Vir
665 2049 728 2088 sum
746 2028 844 2088 'bonus
865 2031 977 2089 animus
996 2043 1027 2092 et

167 2111 348 2187 disposition,
372 2112 427 2168 and
452 2112 487 2169 of
508 2112 556 2170 the
636 2113 758 2187 superus
773 2110 935 2168 eonsilium.

167 2199 292 2268 greatest
306 2191 433 2249 wisdom.

127 2268 194 2327 The
209 2269 282 2327 little
306 2281 355 2328 aut
379 2270 403 2328 is
422 2269 458 2329 os
475 2280 556 2348 great
596 2268 737 2327 Paruulus
763 2266 885 2327 formica
903 2288 1025 2347 maguus

167 2348 257 2407 labor.
636 2347 717 2405 labor
731 2367 804 2406 eum.

128 2426 198 2486 Itis
217 2429 266 2486 the
289 2427 371 2485 mark
395 2427 430 2485 os
449 2447 465 2486 a
505 2446 556 2485 oor
598 2428 670 2485 Sum
695 2445 804 2503 pauper
828 2429 953 2485 numero
978 2447 1026 2505 pe-

167 2506 263 2644 gmalrr)
291 2517 322 2564 to
357 2516 446 2565 count
483 2447 555 2587 ibis)
638 2525 698 2564 eus.

128 2605 280 2722 Coriicwaa
300 2675 351 2722 not
366 2663 449 2721 osso
469 2664 556 2722 muoh
595 2664 786 2722 Frumentum
829 2672 927 2722 tantus
965 2683 1026 2722 uon

166 2743 250 2801 velue
265 2763 295 2800 aa
309 2743 345 2801 he
359 2743 514 2802 reokoned.
635 2753 834 2817 sum,quantus
843 2744 1025 2804 iateaestimo.

127 2821 143 2881 1
166 2821 218 2879 aell
243 2832 271 2878 at
292 2839 330 2879 no
354 2822 456 2900 higher
476 2823 556 2899 price
596 2821 665 2879 Non
697 2821 762 2898 plus
794 2821 882 2898 quim
910 2825 1027 2881 oeterua

166 2900 236 2958 than
250 2900 354 2958 othere
636 2902 738 2959 vendo.

128 2979 144 3039 Ι
167 2969 391 3117 larrrhashrimed
417 2979 452 3038 of
481 2979 555 3060 (my)
597 2979 714 3038 Frater!
723 2979 795 3058 ego‘
808 2980 906 3056 pudet

188 3069 233 3117 rot
254 3077 285 3117 er

241 3193 310 3246 atet.
431 3217 441 3244 o
453 3205 499 3244 471.
614 3206 678 3256 aaut,
687 3205 715 3248 N.
839 3221 856 3262 g
868 3208 914 3249 4⁰1·

241 3256 253 3297 t
265 3255 310 3295 475.
428 3255 441 3294 d
451 3254 496 3295 356.
610 3256 628 3306 s
635 3256 692 3310 Βῆ.
