2300 3667
125 215 191 285 ’160
449 244 517 283 mn
538 245 576 285 cr
594 245 714 286 rosaria.

131 391 207 455 quos
223 379 348 456 pistores
366 380 459 438 solent
476 382 632 439 conficere.
673 382 753 440 Ecce
773 391 869 439 autem
890 401 956 443 aves
976 384 1034 444 cit·

133 458 367 529 cumvoiiu'sbant,
381 468 411 515 et
430 458 512 515 cibos
531 459 596 515 ilios
617 460 834 517 comedebamu’

173 536 230 592 eui
243 536 405 611 Iosephus:
427 542 445 568 “
456 536 531 593 Haec
544 547 588 593 est
602 537 797 611 interpretatio
811 537 895 595 istius
907 539 1032 597 somnii:

132 612 189 669 trin
208 611 333 669 emistra
351 623 419 669 sunt
437 623 497 670 tres
515 613 588 685 dies,
607 612 725 687 quibus⁰
746 615 849 689 elapsis
868 615 981 673 Pharao
1000 626 1032 673 tc

133 689 215 746 feriet
235 691 340 799 securi,
368 701 397 747 et
421 690 524 767 affiget
545 693 579 747 ad
599 691 707 766 palum,
722 693 771 748 ubi
792 709 857 748 aves
876 702 1032 767 pascentur

133 783 220 824 carne
234 767 311 825 tuest

212 942 257 999 12.
295 942 355 999 'me
369 942 621 1019 Accomplishment
634 943 673 1020 of
679 944 724 1001 tlte
738 952 791 999 two
804 942 937 1002 Dreams.

171 1076 228 1133 Die
241 1077 336 1148 tertio,
351 1078 399 1151 qui
410 1078 473 1135 dies
483 1078 587 1135 natulis
597 1077 756 1135 Pharaonis
767 1086 837 1149 erut,
848 1078 1030 1153 splendidum

132 1154 295 1211 convivium
308 1153 479 1229 perandum‘
495 1156 555 1212 suit

170 1232 260 1289 Tunc
273 1248 324 1289 rex
336 1232 467 1289 meminit
482 1234 678 1290 ministrorum
698 1235 826 1304 sucrum,
840 1232 889 1307 qui
903 1242 985 1290 erant
998 1232 1029 1290 in

131 1313 258 1368 carcere.

170 1387 311 1445 Restituit
324 1388 460 1462 prefecto
472 1388 677 1462 pincernarum
691 1388 753 1463 ejus
764 1406 883 1456 munus;
906 1386 1029 1443 alterum

129 1464 198 1524 rcrd
219 1466 314 1523 securi
340 1482 508 1540 percussum
536 1465 685 1541 suspendit
712 1466 748 1521 ad
770 1464 876 1540 palum.
917 1462 963 1521 Ita
982 1481 1030 1520 res

130 1544 273 1601 somnium
287 1543 492 1617 comprobavit.

169 1621 283 1677 Tamen
303 1621 455 1695 prefectus
473 1621 677 1695 pincemr’trurn
691 1620 799 1677 oblitus
816 1628 861 1677 est
880 1615 1029 1693 Josephi,‘

129 1716 186 1754 nec
199 1697 278 1755 illius
291 1698 321 1755 in
335 1716 367 1755 se
380 1695 489 1755 meriti‘
503 1698 672 1756 recordatus
685 1708 736 1755 est.

337 1890 382 1949 13.
408 1890 497 1967 King
508 1892 673 1950 Pdaraob's
688 1892 821 1950 Dreoms.

168 2025 239 2083 Post
251 2022 400 2080 biennium
414 2041 465 2080 rex
478 2024 539 2098 ipse
552 2023 652 2080 habuit
666 2024 817 2081 somnium.

168 2102 329 2159 Videbatur
342 2100 397 2158 sibi
419 2100 530 2157 adstare
544 2100 616 2157 Nilo
630 2101 740 2158 flumini
752 2100 777 2171 ;’
799 2110 828 2157 et
848 2119 919 2159 ecce
939 2119 1030 2160 emcr-

150 2182 239 2238 ebant
258 2179 294 2237 de
315 2179 432 2235 flumine
448 2188 557 2253 septem
578 2198 673 2235 vacce
693 2179 825 2255 pingues,
846 2196 910 2252 quae
929 2198 1030 2253 pasce-

130 2200 233 2315 bantur
248 2257 278 2314 in
288 2256 400 2331 palude.
441 2255 556 2312 Deinde
567 2266 676 2330 septem
688 2256 749 2311 alite
760 2272 855 2312 vacce
867 2256 1029 2314 macilentas

130 2335 262 2393 exierunt
276 2352 311 2391 er
324 2334 426 2391 eodem
441 2332 569 2404 flumine,
585 2352 647 2407 quae
661 2332 847 2389 devorerunt!
859 2333 977 2407 priores.

169 2413 281 2469 Pharao
310 2420 492 2486 experrectus
519 2429 632 2466 rursum
665 2410 808 2480 dormivit,
843 2420 872 2466 et
906 2410 1029 2467 sitdrum

130 2490 230 2548 habuit
243 2489 394 2546 somnium.

170 2569 288 2641 Septem
314 2567 400 2640 spicis
424 2565 515 2638 plenae
542 2565 751 2622 enascebantur
778 2564 809 2620 in
834 2580 894 2619 uno
921 2562 1029 2635 culmo,

131 2645 250 2717 nliaeque
270 2643 390 2701 totidem
411 2642 500 2699 exiles
513 2642 746 2712 succrescebant,
767 2651 795 2698 et
816 2641 910 2715 spicas
928 2641 1030 2715 plenas

130 2722 348 2779 consumebant.

163 2894 208 2951 14.
243 2892 302 2951 Tre
318 2892 410 2968 Okief
417 2893 522 2950 Butler
535 2891 636 2968 speaks
650 2891 687 2967 os
693 2892 797 2967 Josepb
811 2899 839 2949 to
853 2891 898 2948 tlte
911 2891 1008 2966 King.

169 3030 229 3087 Ubi
257 3029 358 3102 illuxit,
386 3030 498 3086 Pharao
523 3028 706 3103 perturbetus
733 3028 902 3085 conrocdvit
929 3047 1031 3087 omnes

189 3200 260 3239 aur.
333 3196 400 3236 arm
463 3195 530 3234 erse
594 3194 663 3233 asse.
737 3194 803 3234 osas.
861 3192 965 3245 sessu.
