2300 3667
310 269 486 310 nxnncxsns.
496 283 537 296 -
546 270 743 324 Accusnnivn,
756 253 818 312 διο.
955 251 1013 314 148

446 418 501 466 See
516 421 681 467 411--413,

404 567 498 626 Latin
504 567 571 626 sisto
586 567 722 642 English.

152 695 267 754 Cndsus
281 714 312 752 se
327 695 355 752 in
369 695 493 753 medios*
509 696 628 755 immisit
640 696 745 754 hostes

153 774 249 832 Proba
261 775 319 832 vita
332 775 378 832 via
391 785 434 833 est
447 775 478 832 in
492 775 606 834 coelum.

155 854 247 932 Sioiei
274 853 433 913 diviserunt
462 859 593 912 natinam
620 852 744 911 homiuis
771 853 802 910 in
829 856 956 913 animum
981 862 1011 913 et

111 951 227 1008 eorpus.

153 1013 190 1069 T.
206 1011 334 1068 Manlius
349 1011 401 1068 fuit
414 1011 619 1089 perindulgens
632 1011 663 1069 in
675 1019 794 1088 patrem.

153 1089 263 1147 Milites
278 1090 402 1148 Caesiris
416 1091 469 1147 sub
482 1101 610 1148 montem
623 1089 795 1148 succedunt.

155 1167 302 1226 Miltisdes
330 1169 446 1239 insistas,
475 1189 537 1244 quae
568 1169 711 1244 Cyclades
737 1169 931 1242 nominantur,
957 1169 1011 1226 sub

115 1247 337 1306 Atheniensium
352 1248 463 1324 redegit
477 1255 657 1323 potestatem.

154 1326 273 1396 Consul,
290 1345 364 1401 equo
385 1327 486 1384 οὶῑῑιῐοο
508 1328 605 1385 subter
628 1347 741 1384 murum
762 1327 888 1386 hostium
907 1326 944 1384 sd
963 1343 1011 1385 co-

114 1405 211 1462 hortes
224 1405 379 1462 advehitur.
497 1461 504 1476 ,

153 1483 236 1540 Plato
251 1484 437 1559 cupidititem
451 1484 548 1542 subter
561 1485 720 1559 precordia
731 1485 844 1544 locivit«

154 1562 246 1619 Dolor
261 1563 289 1619 in
305 1563 435 1619 maximis
449 1563 530 1620 malis
544 1562 667 1621 ducitur.

154 1641 232 1697 Aves
247 1641 376 1716 quiedam
391 1660 421 1698 se
436 1641 465 1698 in
479 1641 551 1698 mari
565 1653 705 1718 mergunt.

154 1720 318 1778 Decemviri
333 1720 411 1796 leges
426 1719 455 1777 in
469 1720 623 1778 duodecim
637 1721 743 1780 tabnlis
756 1721 941 1797 scripserim&

154 1799 238 1874 Saepe
252 1809 295 1856 est
309 1797 395 1856 etiam
410 1799 463 1854 sub
476 1799 592 1874 pallinlo
605 1800 722 1857 sordido
735 1800 881 1876 sapientia„

403 1986 530 2062 English
543 1985 604 2044 into
617 1987 718 2045 Latin.

112 2111 222 2170 Darius
236 2111 307 2167 built
329 2109 462 2187 abridge
476 2127 542 2168 over
584 2110 690 2169 Darius
709 2131 782 2186 pons
799 2112 874 2170 facio
887 2111 917 2169 in
937 2111 1010 2171 [ster
1064 2120 1067 2126 '

154 2191 203 2248 the
218 2190 291 2247 river
304 2189 386 2246 Ister.
623 2189 751 2248 flumen.c

113 2269 222 2327 Verres
242 2268 312 2326 used
339 2278 370 2325 to
397 2267 468 2325 have
487 2285 544 2324 one
583 2267 690 2326 Verres
700 2271 808 2326 cortina
818 2267 925 2326 habe0⁴
935 2287 1011 2328 unus

154 2346 273 2426 garland
298 2366 374 2425 upon
394 2347 439 2403 his
459 2346 542 2417 head,
623 2346 653 2403 in
664 2356 759 2423 caput,
772 2347 840 2404 alter
853 2347 883 2404 in
894 2346 1008 2406 collum.

156 2426 275 2484 another
289 2445 366 2501 upon
380 2425 424 2482 his
437 2425 522 2483 neck.
628 2422 640 2446 ⁰

48 2527 54 2536 ·
113 2505 212 2563 Caesar
235 2504 393 2580 compelled
410 2503 458 2560 the
478 2521 544 2560 ene·
583 2503 680 2562 Caesar
716 2502 806 2560 hostis
832 2503 886 2560 sub
911 2521 1011 2562 murus

155 2593 253 2719 mgssto
273 2582 332 2640 han
353 2580 475 2640 beneath
495 2581 544 2640 the
624 2583 750 2641 consisto
763 2600 845 2660 cogo.

156 2681 182 2718 w
222 2706 229 2719 .

113 2741 143 2798 A
156 2739 253 2800 diawn
265 2739 358 2796 sword
373 2740 463 2816 hangs
478 2759 544 2797 over
584 2739 746 2798 Destrictus
764 2739 840 2797 ensis
861 2757 945 2815 super
959 2738 1010 2798 im·

156 2818 228 2898 (his)
241 2818 364 2895 impious
378 2819 463 2877 neck.
620 2819 685 2895 pins
712 2815 818 2876 cervix‘
829 2819 950 2893 pendeo.

112 2897 216 2958 Youth
236 2897 324 2972 easily
338 2897 386 2954 fall
407 2897 468 2955 into
488 2897 544 2954 dis·
583 2895 683 2955 Facile
711 2896 741 2954 in
769 2897 886 2955 morbus
911 2898 1009 2957 incido
1053 2918 1055 2921 ·

154 2995 242 3034 enses.
624 2975 796 3034 adolescens.

112 3053 212 3114 Caesar
231 3053 377 3112 withdrew
392 3054 436 3112 his
451 3053 543 3113 forces
583 3053 675 3130 Copia
696 3073 764 3112 suus
778 3053 874 3114 Cesar
894 3055 925 3113 in
944 3072 1009 3132 pre

153 3143 185 3192 to
198 3132 247 3192 the
260 3143 373 3192 nearest
387 3132 446 3192 hill.
620 3134 683 3209 pior
697 3133 780 3192 collis
789 3134 928 3192 subdnco.

186 3315 202 3346 a
212 3303 258 3346 ³5⁰.
356 3304 424 3345 ⁵44⁷.
546 3304 614 3345 0³47.
717 3304 786 3345 ew.
883 3301 944 3344 offl-
